@inproceedings{chen2010searching,
  title={Searching trajectories by locations: an efficiency study},
  author={Chen, Zaiben and Shen, Heng Tao and Zhou, Xiaofang and Zheng, Yu and Xie, Xing},
  booktitle={Proceedings of the 2010 ACM SIGMOD International Conference on Management of data},
  pages={255--266},
  year={2010}
}


@inproceedings{atev2006learning,
  title={Learning traffic patterns at intersections by spectral clustering of motion trajectories},
  author={Atev, Stefan and Masoud, Osama and Papanikolopoulos, Nikos},
  booktitle={2006 IEEE/RSJ International Conference on Intelligent Robots and Systems},
  pages={4851--4856},
  year={2006},
  organization={IEEE}
}
